@misc{latex,
  title={A beginnerâ€™s introduction to typesetting with LATEX},
  author={Flynn, Peter},
  year={2005},
  url={http://ctan.ijs.si/tex-archive/documentation/beginlatex/src/old/beginlatex.letter.pdf}
}